<?xml version="1.0" encoding="UTF-8"?><record xmlns="http://www.loc.gov/MARC21/slim" xmlns:cinclude="http://apache.org/cocoon/include/1.0" xmlns:zs="http://www.loc.gov/zing/srw/">
  <leader>01311cz  a2200205n  4500</leader>
  <controlfield tag="001">n  86091047 </controlfield>
  <controlfield tag="003">DLC</controlfield>
  <controlfield tag="005">19930924102622.6</controlfield>
  <controlfield tag="008">870407n| acannaab|          |a ana |||  </controlfield>
  <datafield tag="010" ind1=" " ind2=" ">
    <subfield code="a">n  86091047 </subfield>
  </datafield>
  <datafield tag="040" ind1=" " ind2=" ">
    <subfield code="a">DLC</subfield>
    <subfield code="c">DLC</subfield>
    <subfield code="d">DLC</subfield>
  </datafield>
  <datafield tag="110" ind1="2" ind2="0">
    <subfield code="a">Niederösterreichisches Jagdmuseum</subfield>
  </datafield>
  <datafield tag="410" ind1="1" ind2="0">
    <subfield code="a">Lower Austria (Austria).</subfield>
    <subfield code="b">Niederösterreichisches Jagdmuseum</subfield>
  </datafield>
  <datafield tag="410" ind1="2" ind2="0">
    <subfield code="a">Niederösterreichisches Landesmuseum.</subfield>
    <subfield code="b">Naturwissenschaftliche Abteilung.</subfield>
    <subfield code="b">Niederösterreichisches Jagdmuseum</subfield>
  </datafield>
  <datafield tag="410" ind1="2" ind2="0">
    <subfield code="a">Niederösterreichisches Landesjagdmuseum Schloss Marchegg</subfield>
  </datafield>
  <datafield tag="410" ind1="2" ind2="0">
    <subfield code="a">Jagdmuseum Schloss Marchegg</subfield>
  </datafield>
  <datafield tag="670" ind1=" " ind2=" ">
    <subfield code="a">Niederösterreichisches Jagdmuseum, 1981?:</subfield>
    <subfield code="b">t.p. (Niederösterreichisches Jagdmuseum, Aussenstelle der Naturwissenschaftlichen Abteilung des NÖ. Landesmuseums, Schloss Marchegg)</subfield>
  </datafield>
  <datafield tag="670" ind1=" " ind2=" ">
    <subfield code="a">Handb. d. Museen, 1971</subfield>
    <subfield code="b">(under Marchegg: Niederösterreichisches Jagdmuseum; Museumsträger u. -leitung; NÖ. Landesregierung; gegr. 1959)</subfield>
  </datafield>
  <datafield tag="670" ind1=" " ind2=" ">
    <subfield code="a">Museen u. Sammlungen in Österr., 1968</subfield>
    <subfield code="b">(under Marchegg (NÖ, Bezirk Gänserndorf): Niederösterreichisches Jagdmuseum; founded 1959)</subfield>
  </datafield>
  <datafield tag="670" ind1=" " ind2=" ">
    <subfield code="a">Jäger- und Sammlervölker in aller Welt, 1986:</subfield>
    <subfield code="b">t.p. (Niederösterreichisches Landesjagdmuseum Schloss Marchegg) verso t.p., etc. (Jagdmuseum Schloss Marchegg; Niederösterreichisches Jagdmuseum)</subfield>
  </datafield>
</record>